<record><leader>00000cas a22000007a 4500</leader><controlfield tag="001">15075933</controlfield><controlfield tag="008">870115d18781927pauwr ne      0    0eng d</controlfield><datafield ind1=" " ind2=" " tag="010"><subfield code="a">sn 87078192 </subfield></datafield><datafield ind1=" " ind2=" " tag="040"><subfield code="a">NPH</subfield><subfield code="b">eng</subfield><subfield code="c">NPH</subfield><subfield code="d">OCLCQ</subfield></datafield><datafield ind1=" " ind2=" " tag="042"><subfield code="a">msc</subfield></datafield><datafield ind1="0" ind2=" " tag="130"><subfield code="a">Indiana times (Indiana, Pa.)</subfield></datafield><datafield ind1="1" ind2="0" tag="245"><subfield code="a">Indiana times.</subfield></datafield><datafield ind1=" " ind2=" " tag="260"><subfield code="a">Indiana, Pa. :</subfield><subfield code="b">Lowry &amp; Rairigh,</subfield><subfield code="c">-1927.</subfield></datafield><datafield ind1=" " ind2=" " tag="300"><subfield code="a">v.</subfield></datafield><datafield ind1=" " ind2=" " tag="310"><subfield code="a">Weekly,</subfield><subfield code="b">&lt;1900&gt;-1927</subfield></datafield><datafield ind1=" " ind2=" " tag="321"><subfield code="a">Weekly,</subfield><subfield code="b">1878-</subfield></datafield><datafield ind1=" " ind2=" " tag="321"><subfield code="a">Semiweekly,</subfield><subfield code="b">&lt;1897-&gt;</subfield></datafield><datafield ind1="1" ind2=" " tag="362"><subfield code="a">Began with Sept. 4, 1878 issue.</subfield><subfield code="z">Rossell, G. Pa. newspapers.</subfield></datafield><datafield ind1="0" ind2=" " tag="362"><subfield code="a">-v. 48, no. 49 (July 6, 1927).</subfield></datafield><datafield ind1=" " ind2=" " tag="500"><subfield code="a">Publisher: Horace M. Lowry, &lt;June 26, 1889&gt;.</subfield></datafield><datafield ind1=" " ind2=" " tag="588"><subfield code="a">Description based on: Vol. 1, no. 2 (Sept. 11, 1878).</subfield></datafield><datafield ind1=" " ind2=" " tag="752"><subfield code="a">United States</subfield><subfield code="b">Pennsylvania</subfield><subfield code="c">Indiana</subfield><subfield code="d">Indiana.</subfield></datafield></record>